% This file was created with JabRef 2.10.
% Encoding: ISO8859_1


@InProceedings{Collobert2008,
  Title                    = {A unified architecture for natural language processing: Deep neural networks with multitask learning},
  Author                   = {Collobert, Ronan and Weston, Jason},
  Booktitle                = {Proceedings of the 25th International Conference on Machine Learning},
  Year                     = {2008},
  Organization             = {ACM},
  Pages                    = {160--167},
  Owner                    = {wmonroe4},
  Timestamp                = {2017.10.09},
  Url                      = {https://wiki.inf.ed.ac.uk/twiki/pub/CSTR/Speak11To12Semester2/collobert-2008.pdf}
}

@Article{Hawkins15_RealTimeWebExperiments,
  Title                    = {Conducting real-time multiplayer experiments on the web},
  Author                   = {Hawkins, Robert X. D.},
  Journal                  = {Behavior Research Methods},
  Year                     = {2015},
  Number                   = {4},
  Pages                    = {966-976},
  Volume                   = {47},

  Date-added               = {2016-09-15 20:05:22 +0000},
  Date-modified            = {2016-09-15 20:05:22 +0000},
  Keywords                 = {Web experiments; Node.js; Behavioral game theory},
  Owner                    = {wmonroe4},
  Timestamp                = {2017.10.09}
}

@Article{Johnson2016,
  Title                    = {Google's multilingual neural machine translation system: enabling zero-shot translation},
  Author                   = {Johnson, Melvin and Schuster, Mike and Le, Quoc V and Krikun, Maxim and Wu, Yonghui and Chen, Zhifeng and Thorat, Nikhil and Vi{\'e}gas, Fernanda and Wattenberg, Martin and Corrado, Greg and others},
  Journal                  = {arXiv preprint arXiv:1611.04558},
  Year                     = {2016},

  __markedentry            = {[wmonroe4:6]},
  Owner                    = {wmonroe4},
  Timestamp                = {2017.10.09},
  Url                      = {https://arxiv.org/abs/1611.04558}
}

@Article{Kaiser2017,
  Title                    = {One Model To Learn Them All},
  Author                   = {Kaiser, \L{}ukasz and Gomez, Aidan N and Shazeer, Noam and Vaswani, Ashish and Parmar, Niki and Jones, Llion and Uszkoreit, Jakob},
  Journal                  = {arXiv preprint arXiv:1706.05137},
  Year                     = {2017},

  __markedentry            = {[wmonroe4:6]},
  Owner                    = {wmonroe4},
  Timestamp                = {2017.10.09},
  Url                      = {https://arxiv.org/abs/1706.05137}
}

@InProceedings{MonroeGoodmanPotts16_Color,
  Title                    = {Learning to Generate Compositional Color Descriptions},
  Author                   = {Monroe, Will and Goodman, Noah D. and Potts, Christopher},
  Booktitle                = {Proceedings of the 2016 Conference on Empirical Methods on Natural Language Processing (EMNLP)},
  Year                     = {2016},
  Pages                    = {2243--2248},

  Owner                    = {wmonroe4},
  Timestamp                = {2017.10.09}
}

@Article{Monroe2017,
  Title                    = {Colors in Context: A Pragmatic Neural Model for Grounded Language Understanding},
  Author                   = {Monroe, Will and Hawkins, Robert X.D. and Goodman, Noah D. and Potts, Christopher},
  Journal                  = {TACL},
  Year                     = {2017},
  Pages                    = {325--338},
  Volume                   = {5},

  Booktitle                = {TACL},
  Owner                    = {wmonroe4},
  Timestamp                = {2016.09.29},
  Url                      = {https://transacl.org/ojs/index.php/tacl/article/view/1142}
}

@Article{Wu2016,
  Title                    = {Google's neural machine translation system: Bridging the gap between human and machine translation},
  Author                   = {Wu, Yonghui and Schuster, Mike and Chen, Zhifeng and Le, Quoc V. and Norouzi, Mohammad and Macherey, Wolfgang and Krikun, Maxim and Cao, Yuan and Gao, Qin and Macherey, Klaus and others},
  Journal                  = {arXiv preprint arXiv:1609.08144},
  Year                     = {2016},

  __markedentry            = {[wmonroe4:]},
  Owner                    = {wmonroe4},
  Timestamp                = {2017.10.09},
  Url                      = {https://arxiv.org/pdf/1609.08144.pdf}
}

@Book{BerlinKay1969,
  Address                  = {Berkeley and Los Angeles},
  Author                   = {Berlin, Brent and Kay, Paul},
  Publisher                = {University of California Press},
  Title                    = {Basic Color Terms: their Universality and Evolution},
  Year                     = {1969}
}

@incollection{WangQin2010,
  author = {Wang, Kefei, and Hongwu Qin},
  year = {2010},
  title = {A Parallel Corpus-based Study of
  Translational Chinese},
  booktitle = {Using Corpora in Contrastive and Translation Studies},
  editor = {Xiao, Richard},
  pages = {164--181},
  publisher = {Cambridge Scholars Publishing},
  url = {http://citeseerx.ist.psu.edu/viewdoc/download?doi=10.1.1.414.7722&rep=rep1&type=pdf}
}

@article{Qin2010,
  author = {Qin, Hongwu},
  year = {2010},
  title = {Load Capacity of Constructions in Translational Chinese: A Multi-version Corpus-based Study},
  journal = {Journal of Foreign Languages},
  volume = {4},
  pages = {73--80}
}

@book{Zhu:1982,
  title={Yufa Jiangyi (Lectures on Grammar)},
  author={Zhu, Dexi},
  year={1982},
  publisher={The Commercial Press},
  address={Beijing}
}

@article{Xie:2001,
  author={Xie, Yaoji},
  year={2001},
  title={Hanyu yufa ouhua zongshu ({A} Review of {E}uropeanized {C}hinese Grammar)},
  journal={Yuwen yanjiu (Chinese Language Research)},
  volume={1},
  pages={17--22}
}

@article{Grano:2012,
  author="Grano, Thomas",
  title="Mandarin `hen' and Universal Markedness in gradable adjectives",
  journal="Natural Language {\&} Linguistic Theory",
  year="2012",
  month="May",
  day="01",
  volume="30",
  number="2",
  pages="513--565",
  issn="1573-0859",
  doi="10.1007/s11049-011-9161-1",
  url="https://doi.org/10.1007/s11049-011-9161-1"
}

@inproceedings{Ito:2008,
  author = {Ito, Satomi},
  title = {Typology of Comparatives},
  booktitle = {Proceedings of the 22nd Pacific Asia Conference on Language, Information and Computation, {PACLIC} 22, Cebu City, Philippines, November 20-22, 2008},
  pages = {197--206},
  year = {2008},
  url = {http://www.aclweb.org/anthology/Y08-1019}
}

@book{Xia:2014,
  title = {Normalization in Translation: Corpus-based Diachronic Research into Twentieth-century English Chinese Fictional Translation},
  author = {Xia, Yun},
  year = {2014},
  publisher = {Cambridge Scholars Publishing}
}

@InProceedings{Papineni2002,
  Title                    = {{BLEU}: A method for automatic evaluation of machine translation},
  Author                   = {Papineni, Kishore and Roukos, Salim and Ward, Todd and Zhu, Wei-Jing},
  Booktitle                = {ACL},
  Year                     = {2002},

  Owner                    = {wmonroe4},
  Timestamp                = {2015.05.03},
  Url                      = {http://dl.acm.org/citation.cfm?id=1073135}
}

@InProceedings{Liu2016,
  Title                    = {How {NOT} to evaluate your dialogue system: An empirical study of unsupervised evaluation metrics for dialogue response generation},
  Author                   = {Liu, Chia-Wei and Lowe, Ryan and Serban, Iulian V and Noseworthy, Michael and Charlin, Laurent and Pineau, Joelle},
  Booktitle                = {EMNLP},
  Year                     = {2016},

  Journal                  = {arXiv preprint arXiv:1603.08023},
  Owner                    = {wmonroe4},
  Timestamp                = {2017.11.14},
  Url                      = {https://www.aclweb.org/anthology/D16-1230}
}

@Article{Frank2012,
  Title                    = {Predicting Pragmatic Reasoning in Language Games},
  Author                   = {Frank, Michael C. and Goodman, Noah D.},
  Journal                  = {Science},
  Year                     = {2012},
  Number                   = {6084},
  Pages                    = {998},
  Volume                   = {336},

  Bdsk-url-1               = {http://science.sciencemag.org/content/sci/336/6084/998.full.pdf},
  Date-added               = {2012-05-08 15:36:08 +0000},
  Date-modified            = {2012-06-10 21:53:25 +0000},
  Owner                    = {wmonroe4},
  Timestamp                = {2015.10.13},
  Url                      = {http://science.sciencemag.org/content/sci/336/6084/998.full.pdf}
}
@Article{GoodmanFrank16_RSATiCS,
  Title                    = {Pragmatic language interpretation as probabilistic inference},
  Author                   = {Goodman, Noah D. and Frank, Michael C.},
  Journal                  = {Trends in Cognitive Sciences},
  Year                     = {2016},
  Number                   = {11},
  Pages                    = {818--829},
  Volume                   = {20},

  Publisher                = {Elsevier}
}

@article{Dale:Reiter:1995,
	Author = {Dale, Robert and Reiter, Ehud},
	Journal = {Cognitive Science},
	Number = {2},
	Pages = {233--263},
	Title = {Computational Interpretations of the {G}ricean Maxims in the Generation of Referring Expressions},
	Volume = {19},
	Year = {1995}}

@article{Rosenberg:Cohen:1964,
	Author = {Rosenberg, Seymour and Cohen, Bertram D.},
	Journal = {Science},
	Number = {3637},
	Pages = {1201--1203},
	Title = {Speakers' and Listeners' Processes in a Word Communication Task},
	Volume = {145},
	Year = {1964}}


@incollection{Grice75,
	Address = {New York},
	Author = {Grice, H.~Paul},
	Booktitle = {Syntax and Semantics},
	Editor = {Peter Cole and Jerry Morgan},
	Pages = {43--58},
	Publisher = {Academic Press},
	Title = {Logic and Conversation},
	Volume = {3: Speech Acts},
	Year = {1975}}


@book{WordNet98,
	Address = {Cambridge, MA},
	Editor = {Fellbaum, Christiane},
	Publisher = {MIT Press},
	Title = {Word{N}et: An Electronic Database},
	Year = {1998}}

@InProceedings{Golland2010,
  Title                    = {A game-theoretic approach to generating spatial descriptions},
  Author                   = {Golland, Dave and Liang, Percy and Klein, Dan},
  Booktitle                = {Proceedings of the 2010 Conference on Empirical Methods on Natural Language Processing (EMNLP)},
  Year                     = {2010},
  Url                      = {http://www.aclweb.org/anthology/D10-1040}
}

@Article{Caruana1997,
  Title                    = {Multitask Learning},
  Author                   = {Caruana, Rich},
  Journal                  = {Machine Learning},
  Year                     = {1997},
  Pages                    = {41--75},
  Volume                   = {28},
}

@InProceedings{Hermann2014,
  Title                    = {Multilingual Models for Compositional Distributed Semantics},
  Author                   = {Hermann, Karl Moritz and Blunsom, Phil},
  Booktitle                = {Proceedings of the 52nd Annual Meeting of the Association for Computational Linguistics (ACL)},
  Year                     = {2014},

  Address                  = {Baltimore, Maryland},
  Month                    = {June},
  Organization             = {Association for Computational Linguistics},
  Pages                    = {58--68},

  Url                      = {http://anthology.aclweb.org/P/P14/P14-1006.pdf}
}

@InProceedings{Klementiev2012,
  Title                    = {Inducing Crosslingual Distributed Representations of Words},
  Author                   = {Alexandre Klementiev and Ivan Titov and Binod Bhattarai},
  Booktitle                = {Proceedings of COLING 2012},
  Year                     = {2012},

  Address                  = {Mumbai},
  Organization             = {International Committee on Computational Linguistics},
  Pages                    = {1459--1474},

  Owner                    = {wmonroe4},
  Timestamp                = {2017.12.04},
  Url                      = {http://www.aclweb.org/anthology/C12-1089}
}

@InProceedings{Huang2013,
  Title                    = {Cross-language knowledge transfer using multilingual deep neural network with shared hidden layers},
  Author                   = {Huang, Jui-Ting and Li, Jinyu and Yu, Dong and Deng, Li and Gong, Yifan},
  Booktitle                = {Proceedings of the 2013 IEEE International Conference on Acoustics, Speech and Signal Processing (ICASSP)},
  Year                     = {2013},
  Organization             = {IEEE},
  Pages                    = {7304--7308},

  Owner                    = {wmonroe4},
  Timestamp                = {2017.12.04},
  Url                      = {https://www.microsoft.com/en-us/research/wp-content/uploads/2016/02/DNN-MultiLingual-ICASSP2013.pdf}
}


@article{Keenan79,
	Author = {Keenan, Elinor Ochs},
	Journal = {Language and Society},
	Number = {1},
	Pages = {67--80},
	Title = {The Universality of Conversational Postulates},
	Volume = {5},
	Year = {1979}}


@book{NLTKbook,
	Address = {Sebastopol, CA},
	Author = {Bird, Steven and Klein, Ewan and Loper, Edward},
	Publisher = {O'Reilly Media},
	Title = {Natural Language Processing with {P}ython},
	Url = {http://dx.doi.org/10.1017/S1351324910000306},
	Year = {2009}}

@misc{Jieba:2015,
    author = {Junyi, Sun},
    title = {{J}ieba {P}ython {L}ibrary},
    url = {https://pypi.python.org/pypi/jieba/},
    year = {2015}
}

@incollection{Horn84,
	Address = {Washington, D.C.},
	Author = {Horn, Laurence R.},
	Booktitle = {Meaning, Form, and Use in Context: {L}inguistic Applications},
	Editor = {Deborah Schiffrin},
	Pages = {11--42},
	Publisher = {Georgetown University Press},
	Title = {Toward a New Taxonomy for Pragmatic Inference: {Q}-based and {R}-based Implicature},
	Year = {1984}}

@book{Zipf49,
	Address = {Cambridge},
	Author = {Zipf, George Kingsley},
	Publisher = {Addison-Wesley},
	Title = {Human Behavior and the Principle of Least Effort},
	Year = {1949}}

@book{Levinson00,
	Address = {Cambridge, MA},
	Author = {Levinson, Stephen C.},
	Publisher = {MIT Press},
	Title = {Presumptive Meanings: {T}he Theory of Generalized Conversational Implicature},
	Year = {2000}}


@article{McMahan:Stone:2015,
	Author = {McMahan, Brian and Stone, Matthew},
	Journal = {Transactions of the Association for Computational Linguistics},
	Pages = {103--115},
	Title = {A {B}ayesian Model of Grounded Color Semantics},
	Volume = {3},
	Year = {2015}}

@inproceedings{kawakami-EtAl:2016:EMNLP2016,
	Address = {Austin, Texas},
	Author = {Kawakami, Kazuya and Dyer, Chris and Routledge, Bryan and Smith, Noah A.},
	Booktitle = {Proceedings of the 2016 Conference on Empirical Methods in Natural Language Processing},
	Month = {November},
	Pages = {1949--1954},
	Publisher = {Association for Computational Linguistics},
	Title = {Character Sequence Models for Colorful Words},
	Year = {2016}}

@article{Krahmer:vanDeemter:2012,
	Author = {Krahmer, Emiel and van Deemter, Kees},
	Journal = {Computational Linguistics},
	Number = {1},
	Pages = {173--218},
	Title = {Computational Generation of Referring Expressions: A Survey},
	Volume = {38},
	Year = {2012}}

@Article{Sharma2005,
  Title                    = {The {CIEDE2000} color-difference formula: Implementation notes, supplementary test data, and mathematical observations},
  Author                   = {Sharma, Gaurav and Wu, Wencheng and Dalal, Edul N.},
  Journal                  = {Color Research \& Application},
  Year                     = {2005},
  Number                   = {1},
  Pages                    = {21--30},
  Volume                   = {30},

  Owner                    = {wmonroe4},
  Publisher                = {Wiley Online Library},
  Timestamp                = {2017.12.13},
  Url                      = {http://www2.ece.rochester.edu/~gsharma/ciede2000/ciede2000noteCRNA.pdf}
}

@Manual{Pado2006,
  Title                    = {User's guide to \texttt{sigf}: Significance testing by approximate randomisation},
  Author                   = {Sebastian Pad\'o},
  Url                      = {http://www.nlpado.de/~sebastian/software/sigf.shtml},
  Year                     = {2006},

  Owner                    = {wmonroe4},
  Timestamp                = {2014.03.05}
}

@inproceedings{Kennington2015,
	Author = {Kennington, Casey and Schlangen, David},
	Booktitle = {Proceedings of the 53rd Annual Meeting of the Association for Computational Linguistics and the 7th International Joint Conference on Natural Language Processing},
	Month = {November},
	Pages = {292--301},
	Publisher = {Association for Computational Linguistics},
	Title = {},
	Year = {2015}
}
