%% This BibTeX bibliography file was created using BibDesk.
%% http://bibdesk.sourceforge.net/

%% Created for rxdh at 2016-09-15 13:05:40 -0700 


%% Saved with string encoding Unicode (UTF-8) 



@article{Hawkins15_RealTimeWebExperiments,
	Author = {Hawkins, Robert X. D.},
	Date-Added = {2016-09-15 20:05:22 +0000},
	Date-Modified = {2016-09-15 20:05:22 +0000},
	Journal = {Behavior Research Methods},
	Keywords = {Web experiments; Node.js; Behavioral game theory},
	Number = {4},
	Pages = {966-976},
	Title = {Conducting real-time multiplayer experiments on the web},
	Volume = {47},
	Year = {2015},
	Bdsk-File-1 = {YnBsaXN0MDDUAQIDBAUGJCVYJHZlcnNpb25YJG9iamVjdHNZJGFyY2hpdmVyVCR0b3ASAAGGoKgHCBMUFRYaIVUkbnVsbNMJCgsMDxJXTlMua2V5c1pOUy5vYmplY3RzViRjbGFzc6INDoACgAOiEBGABIAFgAdccmVsYXRpdmVQYXRoWWFsaWFzRGF0YV8QRS4uLy4uLy4uLy4uL0JveCBTeW5jL3BhcGVycy9wZGZzL0hhd2tpbnMxNV9SZWFsVGltZVdlYkV4cGVyaW1lbnRzLnBkZtIXCxgZV05TLmRhdGFPEQHoAAAAAAHoAAIAAAxNYWNpbnRvc2ggSEQAAAAAAAAAAAAAAAAAAADP08hWSCsAAAAMQmgfSGF3a2luczE1X1JlYWxUaW1lVyMzQjdFMTlBLnBkZgAAAAAAAAAAAAAAAAAAAAAAAAAAAAAAAAAAAAAAAAAAA7fhmtKum8EAAAAAAAAAAAAEAAQAAAkgAAAAAAAAAAAAAAAAAAAABHBkZnMAEAAIAADP1CrGAAAAEQAIAADSrwxBAAAAAQAUAAxCaAAMQmQADD4UAAloSgACZvkAAgBRTWFjaW50b3NoIEhEOlVzZXJzOgByeGRoOgBCb3ggU3luYzoAcGFwZXJzOgBwZGZzOgBIYXdraW5zMTVfUmVhbFRpbWVXIzNCN0UxOUEucGRmAAAOAEoAJABIAGEAdwBrAGkAbgBzADEANQBfAFIAZQBhAGwAVABpAG0AZQBXAGUAYgBFAHgAcABlAHIAaQBtAGUAbgB0AHMALgBwAGQAZgAPABoADABNAGEAYwBpAG4AdABvAHMAaAAgAEgARAASAERVc2Vycy9yeGRoL0JveCBTeW5jL3BhcGVycy9wZGZzL0hhd2tpbnMxNV9SZWFsVGltZVdlYkV4cGVyaW1lbnRzLnBkZgATAAEvAAAVAAIAC///AACABtIbHB0eWiRjbGFzc25hbWVYJGNsYXNzZXNdTlNNdXRhYmxlRGF0YaMdHyBWTlNEYXRhWE5TT2JqZWN00hscIiNcTlNEaWN0aW9uYXJ5oiIgXxAPTlNLZXllZEFyY2hpdmVy0SYnVHJvb3SAAQAIABEAGgAjAC0AMgA3AEAARgBNAFUAYABnAGoAbABuAHEAcwB1AHcAhACOANYA2wDjAs8C0QLWAuEC6gL4AvwDAwMMAxEDHgMhAzMDNgM7AAAAAAAAAgEAAAAAAAAAKAAAAAAAAAAAAAAAAAAAAz0=}}
